% This file was created with JabRef 2.10.
% Encoding: UTF-8


@Article{Antasiegurdsonamemaximus15,
  Title                    = {Testverfahren für Titel mit zwei Autoren},
  Author                   = {F. Antasiegurdsonamemaximus and others},
  Journal                  = {Journal of Test},
  Year                     = {2015},
  Pages                    = {200--219},
  Volume                   = {3},

  Owner                    = {mm},
  Timestamp                = {2015.10.05}
}

@Electronic{Chanik68,
  Title                    = {Titeltest},
  Author                   = {M. E. Chanik and R. Egler and T. Ester and Jane Doe},
  HowPublished             = {\mbox{\url{www.google.com}}},
  Note                     = {aufgerufen am 7. Juli 2016},

  Journal                  = {Test-Archiv},
  Pages                    = {123--145},
  Volume                   = {2}
}

@TechReport{Mustermann09,
  Title                    = {Implementierung und Test neuer Mechanik-Verfahren},
  Author                   = {M. Mustermann},
  Institution              = {Institut f{\"u}r Mechanik und Meerestechnik, Technische Universit{\"a}t Hamburg-Harburg},
  Year                     = {2009},
  Number                   = {BSC-XXX},
  Type                     = {Bachelorarbeit},

  Keywords                 = {H2 optimal, model reduction,},
  Owner                    = {fehr},
  Timestamp                = {2009.05.06}
}

@Book{Seifried05,
  Title                    = {Numerische und Experimentelle Sto{\ss}analyse f{\"u}r Mehrk{\"o}rpersysteme},
  Author                   = {Robert Seifried},
  Publisher                = {Shaker Verlag},
  Year                     = {2005},

  Address                  = {Aachen},
  Series                   = {Dissertation, Schriften aus dem Institut f{\"u}r Technische und Numerische Mechanik der Universit{\"a}t Stuttgart, Band 2},

  Owner                    = {st},
  School                   = {Universität Stuttgart},
  Timestamp                = {2014.11.14}
}

@Book{Wriggers06,
  Title                    = {Computational Contact Mechanics},
  Author                   = {Peter Wriggers},
  Publisher                = {Springer},
  Year                     = {2006},

  Owner                    = {st},
  Timestamp                = {2014.11.13}
}

