% Encoding: UTF-8

@book{kochenderfer2015decision,
  title={Decision Making Under Uncertainty: Theory and Application},
  author={Kochenderfer, M.J.},
  isbn={9780262029254},
  lccn={2014048127},
  series={MIT Lincoln Laboratory Series},
  url={https://books.google.com/books?id=hUBWCgAAQBAJ},
  year={2015},
  publisher={MIT Press}
}

@book{bertsekas2005dynamic,
  Title                    = {{D}ynamic {P}rogramming and {O}ptimal {C}ontrol},
  Author                   = {{D}. {B}ertsekas},
  Publisher                = {Athena Scientific},
  Year                     = {2005},
  Date-added               = {2014-09-16 06:32:05 +0000},
  Date-modified            = {2014-09-16 06:32:07 +0000}
}

@book{probRobotics,
	author = {Sebastian Thrun and Wolfram Burgard and Dieter Fox},
	title = {Probabilistic Robotics},
	year = {2005},
	publisher = {MIT Press},
}
